% Copyright (C) 2023 Wing Hei Chan

% This work is licensed under a Creative Commons
% Attribution-ShareAlike 4.0 International license.  To view a copy of
% this license, visit
% <https://creativecommons.org/licenses/by-sa/4.0/>.

@book{c00tspcd,
  author = {Chen, Matthew Y.},
  date = {2000},
  series = {Cambridge {{Studies}} in {{Linguistics}}},
  number = {92},
  publisher = {{Cambridge University Press}},
  location = {{Cambridge}},
  title = {Tone Sandhi},
  subtitle = {Patterns across {{Chinese}} Dialects},
}

@article{c59cfpg,
  title = {On Certain Formal Properties of Grammars},
  author = {Chomsky, Noam},
  date = {1959},
  journaltitle = {Information and Control},
  volume = {2},
  number = {2},
  pages = {137--167},
  doi = {10/fw3f8r},
}

@article{c76vhngpam,
  author = {Clements, George N.},
  date = {1976},
  title = {Vowel Harmony in Nonlinear Generative Phonology},
  subtitle = {An Autosegmental Model},
}

@article{ceh14lslsf,
  title = {Learning Strictly Local Subsequential Functions},
  author = {Chandlee, Jane and Eyraud, Rémi and Heinz, Jeffrey},
  date = {2014},
  journaltitle = {Transactions of the Association for Computational Linguistics},
  volume = {2},
  pages = {491--504},
  doi = {10/gqm6kx},
}

@inproceedings{ceh15oslf,
  title = {Output Strictly Local Functions},
  booktitle = {Meeting on the {{Mathematics}} of {{Language}}},
  author = {Chandlee, Jane and Eyraud, Rémi and Heinz, Jeffrey},
  date = {2015},
  pages = {112--125},
  doi = {10/grjp76},
}

@inproceedings{ch12bcsimr,
  booktitle = {Meeting of the {{Special Interest Group}} on {{Computational Morphology}} and {{Phonology}}},
  author = {Chandlee, Jane and Heinz, Jeffrey},
  date = {2012},
  pages = {42--51},
  title = {Bounded Copying Is Subsequential},
  subtitle = {Implications for Metathesis and Reduplication},
}

@book{ch68spe,
  title = {The Sound Pattern of {{English}}},
  author = {Chomsky, Noam and Halle, Morris},
  date = {1968},
  publisher = {{Harper \& Row}},
  location = {{New York}},
}

@article{cj19aislf,
  title = {Autosegmental Input Strictly Local Functions},
  author = {Chandlee, Jane and Jardine, Adam},
  date = {2019},
  journaltitle = {Transactions of the Association for Computational Linguistics},
  volume = {7},
  pages = {157--168},
  doi = {10/gqjg2x},
}

@inproceedings{cj19qlfpfp,
  title = {Quantifier-Free Least Fixed Point Functions for Phonology},
  booktitle = {Meeting on the {{Mathematics}} of {{Language}}},
  author = {Chandlee, Jane and Jardine, Adam},
  date = {2019},
  pages = {50--62},
  doi = {10/grjrbr},
}

@article{cj21iolr,
  title = {Input and Output Locality and Representation},
  author = {Chandlee, Jane and Jardine, Adam},
  date = {2021},
  journaltitle = {Glossa},
  volume = {6},
  number = {1},
  doi = {10/gqjg2z},
}

@inproceedings{e97egpot,
  title = {Efficient Generation in Primitive Optimality Theory},
  booktitle = {Annual {{Meeting}} of the {{Association}} for {{Computational Linguistics}}},
  author = {Eisner, Jason},
  date = {1997},
  pages = {313--320},
  doi = {10/bf342d},
}

@article{eh01mdsttft,
  title = {{{MSO}} Definable String Transductions and Two-Way Finite-State Transducers},
  author = {Engelfriet, Joost and Hoogeboom, Hendrik Jan},
  date = {2001},
  journaltitle = {ACM Transactions on Computational Logic},
  volume = {2},
  number = {2},
  pages = {216--254},
  doi = {10/fncqpn},
}

@thesis{g76ap,
  type = {phdthesis},
  title = {Autosegmental Phonology},
  author = {Goldsmith, John A.},
  date = {1976},
  institution = {{Massachusetts Institute of Technology}},
  location = {{Cambridge, MA}},
}

@article{hkr09ecot,
  title = {Evaluating the Complexity of Optimality Theory},
  author = {Heinz, Jeffrey and Kobele, Gregory M. and Riggle, Jason},
  date = {2009},
  journaltitle = {Linguistic Inquiry},
  volume = {40},
  number = {2},
  pages = {277--288},
  doi = {10/dbwf5w},
}

@inproceedings{hl13vhs,
  title = {Vowel Harmony and Subsequentiality},
  booktitle = {Meeting on the {{Mathematics}} of {{Language}}},
  author = {Heinz, Jeffrey and Lai, Regine},
  date = {2013},
  pages = {52--63},
}

@article{i06sptotci,
  title = {A Simple Proof That Optimality Theory Is Computationally Intractable},
  author = {Idsardi, William J.},
  date = {2006},
  journaltitle = {Linguistic Inquiry},
  volume = {37},
  number = {2},
  pages = {271--275},
  doi = {10/cgjtpq},
}

@incollection{k82cplp,
  title = {From Cyclic Phonology to Lexical  Phonology},
  booktitle = {The Structure of Phonological Representations},
  author = {Kiparsky, Paul},
  editor = {family=Hulst, given=Harry, prefix=van der, useprefix=true and Smith, Norval},
  date = {1982},
  series = {Linguistic {{Models}}},
  volume = {1},
  number = {2},
  pages = {131--176},
  publisher = {{Foris Publications}},
  location = {{Dordrecht}},
}

@article{kk94rmprs,
  title = {Regular Models of Phonological Rule Systems},
  author = {Kaplan, Ronald M. and Kay, Martin},
  date = {1994},
  journaltitle = {Computational Linguistics},
  volume = {20},
  number = {3},
  pages = {331--378},
}

@inproceedings{koj18taolns,
  title = {Tone Association and Output Locality in Non-Linear Structures},
  booktitle = {Annual {{Meeting}} on {{Phonology}}},
  author = {Koser, Nate and Oakden, Chris and Jardine, Adam},
  date = {2018},
  doi = {10/grjrbs},
}

@article{p82ep,
  title = {Epigrams on Programming},
  author = {Perlis, Alan J.},
  date = {1982},
  journaltitle = {ACM SIGPLAN Notices},
  volume = {17},
  number = {9},
  pages = {7--13},
  doi = {10/d6bdwh},
}

@article{ps93otcigg,
  author = {Prince, Alan and Smolensky, Paul},
  date = {1993},
  title = {Optimality Theory},
  subtitle = {Constraint Interaction in Generative Grammar},
}

@inproceedings{rhfhlw13csc,
  title = {Cognitive and Sub-Regular Complexity},
  booktitle = {International {{Conference}} on {{Formal Grammar}}},
  author = {Rogers, James and Heinz, Jeffrey and Fero, Margaret and Hurst, Jeremy and Lambert, Dakotah and Wibel, Sean},
  date = {2013},
  pages = {90--108},
  doi = {10/grh868},
}

@article{rp11apresh,
  title = {Aural Pattern Recognition Experiments and the Subregular Hierarchy},
  author = {Rogers, James and Pullum, Geoffrey K.},
  date = {2011},
  journaltitle = {Journal of Logic, Language and Information},
  volume = {20},
  number = {3},
  pages = {329--342},
  doi = {10/ftbgw9},
}

@article{s93wimpatlai,
  title = {Why It Might Pay to Assume That Languages Are Infinite},
  author = {Savitch, Walter J.},
  date = {1993},
  journaltitle = {Annals of Mathematics and Artificial Intelligence},
  volume = {8},
  number = {1-2},
  pages = {17--25},
  doi = {10/fsvqqk},
}

@article{sw94efecg,
  title = {The Equivalence of Four Extensions of Context-Free Grammars},
  author = {Shanker, Vijay K. and Weir, David J.},
  date = {1994},
  journaltitle = {Mathematical Systems Theory},
  volume = {27},
  number = {6},
  pages = {511--546},
  doi = {10/bdt4qj},
  langid = {english},
}

@thesis{t95cot,
  type = {phdthesis},
  title = {Computational Optimality Theory},
  author = {Tesar, Bruce},
  date = {1995},
  institution = {{University of Colorado}},
  location = {{Boulder, CO}},
}

@article{w67pft,
  title = {Phonological Features of Tone},
  author = {Wang, William S.-Y.},
  date = {1967},
  journaltitle = {International Journal of American Linguistics},
  volume = {33},
  number = {2},
  pages = {93--105},
  doi = {10/bh5qh2},
}
